@book
{
    AM69,
    AUTHOR = {Atiyah, M. F. and Macdonald, I. G.},
     TITLE = {Introduction to commutative algebra},
 PUBLISHER = {Addison-Wesley Publishing Co., Reading, Mass.-London-Don
              Mills, Ont.},
      YEAR = {1969},
     PAGES = {ix+128},
   MRCLASS = {13.00},
  MRNUMBER = {0242802 (39 \#4129)},
MRREVIEWER = {J. A. Johnson},
}

@book
{
  baldi2017stochastic,
  AUTHOR    = {Baldi, P.},
  TITLE     = {Stochastic Calculus: An Introduction Through Theory and Exercises},
  ISBN      = {9783319622262},
  Series    = {Universitext},
  URL       = { https://books.google.no/books?id=fO09DwAAQBAJ},
  YEAR      = {2017},
  PUBLISHER = {Springer International Publishing}
}

@book
{
  lindstrom2017,
  AUTHOR    = {Lindstrøm, Tom L.},
  TITLE     = {Spaces: An Introduction to Real Analysis},
  ISBN      = {9781470440626},
  Series    = {Pure and Applied Undergraduate Texts 29},
  URL       = {https://www.maa.org/press/maa-reviews/spaces-an-introduction-to-real-analysis},
  YEAR      = {2017},
  PUBLISHER = {American Mathematical Society}
}

@book{benth2008stochastic,
  title={Stochastic Modelling of Electricity and Related Markets},
  author={Benth, F.E. and Benth, J.S. and Koekebakker, S.},
  isbn={9789812812308},
  lccn={2008002489},
  series={Advanced series on statistical science \& applied probability},
  url={https://books.google.no/books?id=MHNpDQAAQBAJ},
  year={2008},
  publisher={World Scientific}
}



@book
{
  filipovic2009term,
  AUTHOR    = {Filipovic, D.},
  TITLE     = {Term-Structure Models: A Graduate Course},
  ISBN      = {9783540680154},
  Series    = {Springer Finance},
  URL       = {https://books.google.no/books?id=KqcSh6CavaAC},
  YEAR      = {2009},
  PUBLISHER = {Springer Berlin Heidelberg}
}


@book
{
  oksendal2003stochastic,
  AUTHOR    = {{\O}ksendal, B.},
  TITLE     = {Stochastic Differential Equations: An Introduction with Applications},
  ISBN      = {9783540047582},
  SERIES    = {Universitext (1979)},
  URL       = {https://books.google.no/books?id=kXw9hB4EEpUC},
  YEAR      = {2003},
  PUBLISHER = {Springer}
}

 @misc{finance, title={EU taxonomy for Sustainable Activities}, url={https://finance.ec.europa.eu/sustainable-finance/tools-and-standards/eu-taxonomy-sustainable-activities_en}, journal={Finance}, publisher={EU}} 

@MISC{
    EU:2021, 
    TITLE =  {EU taxonomy for Sustainable Activities}, 
    AUTHOR = {},
    YEAR = {2021}, 
    HOWPUBLISHED = {\url{https://finance.ec.europa.eu/sustainable-finance/tools-and-standards/eu-taxonomy-sustainable-activities_en}}, 
    PUBLISHER = {EU}
}



@MISC{Anu:2013,
author = {Aggarwal, Anupama},
title = {This is how you cite a website in latex},
month = may,
year = {2013},
howpublished={\url{http://precog.iiitd.edu.in/people/anupama}}
}

@MISC{
    ISDA:2021, 
    TITLE =  {Overview of ESG-related derivatives products and transactions}, 
    AUTHOR = {},
    YEAR = {2021}, 
    HOWPUBLISHED = {\url{https://www.isda.org/a/qRpTE/Overview-of-ESG-related-Derivatives-Products-and-Transactions.pdf}}, 
    PUBLISHER = {ISDA}
} 

%Levy processes
@book{
  kenlévy,
  TITLE       = {L{\'e}vy Processes and Infinitely Divisible Distributions},
  AUTHOR       = {Ken-Iti, S.},
  isbn={9780521553025},
  url={https://books.google.no/books?id=tbZPLquJjSoC},
  publisher={Cambridge University Press}
}

@book{tankov2003financial,
  title={Financial Modelling with Jump Processes},
  author={Tankov, P.},
  isbn={9780203485217},
  lccn={2003063470},
  series={Chapman and Hall/CRC Financial Mathematics Series},
  url={https://books.google.no/books?id=bVlieV8GBrIC},
  year={2003},
  publisher={CRC Press}
}

@book{walsh2012knowing,
  title={Knowing the Odds: An Introduction to Probability},
  author={Walsh, J.B.},
  isbn={9780821890325},
  series={Graduate studies in mathematics},
  url={https://books.google.no/books?id=4uC0uEXpvyoC},
  year={2012},
  publisher={American Mathematical Society}
}


@MISC{
    hayes_2022, 
    TITLE =  {LIBOR alternatives}, 
    AUTHOR = {Hayes, Adam},
    YEAR = {2022}, 
    HOWPUBLISHED = {\url{https://www.investopedia.com/libor-alternatives-6361326}}, 
    PUBLISHER = {Investopedia}
}

@article{
        Skov_2020,
	doi = {10.2139/ssrn.3692283},
  
	url = {https://doi.org/10.2139%2Fssrn.3692283},
  
	year = 2020,
	publisher = {Elsevier {BV}
},
  
	author = {Jacob Bjerre Skov and David Skovmand},
  
	title = {Dynamic Term Structure Models for {SOFR} Futures},
  
	journal = {{SSRN} Electronic Journal}
}



@MISC{
    NB_ZCB, 
    TITLE =  {Zero coupon yields – explanation of the calculations}, 
    AUTHOR = {Norges Bank},
    YEAR = {2021}, 
    HOWPUBLISHED = {\url{https://www.norges-bank.no/contentassets/6bf78dd3f9934e89818acdd23f95b1e2/zero-coupon-yields.pdf}}, 
    PUBLISHER = {Norges Bank}
}